<?xml version="1.0" encoding="UTF-8"?><record xmlns="http://www.loc.gov/MARC21/slim" xmlns:cinclude="http://apache.org/cocoon/include/1.0" xmlns:zs="http://www.loc.gov/zing/srw/">
  <leader>00369nz  a2200133n  4500</leader>
  <controlfield tag="001">no2009092472</controlfield>
  <controlfield tag="003">DLC</controlfield>
  <controlfield tag="005">20090618070151.0</controlfield>
  <controlfield tag="008">090616n| acannaabn          |n aaa     c</controlfield>
  <datafield tag="010" ind1=" " ind2=" ">
    <subfield code="a">no2009092472</subfield>
  </datafield>
  <datafield tag="035" ind1=" " ind2=" ">
    <subfield code="a">(OCoLC)oca08143581</subfield>
  </datafield>
  <datafield tag="040" ind1=" " ind2=" ">
    <subfield code="a">CFCPL</subfield>
    <subfield code="b">eng</subfield>
    <subfield code="c">CFCPL</subfield>
  </datafield>
  <datafield tag="100" ind1="1" ind2=" ">
    <subfield code="a">Mase, Motoro</subfield>
  </datafield>
  <datafield tag="670" ind1=" " ind2=" ">
    <subfield code="a">Ikigami, 2009:</subfield>
    <subfield code="b">t.p. (Japanese manga creator and film director, Motoro Mase)</subfield>
  </datafield>
</record>